@misc{mckinseyReport,
  title = {McKinsey \& Company. There’s No Place Like A Connected Home},
  howpublished = {\url{http://www.mckinsey.com/spContent/connected_homes/index.html}},
  note = {Accessed: 2017-04-24}
}

@misc{kennemer,
  title = {Google Home gets a \$5 million ad spot in the Superbowl},
  howpublished = {\url{http://phandroid.com/2017/02/01/google-home-gets-a-5-million-ad-spot-in-the-super-bowl}},
  note = {Accessed: 2017-05-15}
}

@book{shearer,
 author = {SHEARER, S. M.},
 title = {Beautiful: The Life of Hedy Lamarr},
 year = {2010},
 isbn = {978-0-312-55098-1},
 publisher = {Thomas Dunne Books}
}

@misc{electronicFrontier,
  title = {Electronic Frontier Foundation Media Release. Movie Legend Hedy Lamarr to be Given Special Award at EFF's Sixth Annual Pioneer Awards},
  howpublished = {\url{https://w2.eff.org/awards/pioneer/1997.php}},
  note = {Accessed: 2017-05-15}
}

@article{homeSky,
 author    = {MURAMATSU, F. T. and RODRIGUES, H. and GALLEGO, R. B.},
 title     = {Projeto HomeSky. Trabalho de Conclusão de Curso (Graduação em Engenharia de Computação) - Escola Politécnica, Universidade de São Paulo, São Paulo},
 year      = {2016}
}

@misc{ibge,
  title = {IBGE. Censo Demográfico de 2010. Fundação Instituto Brasileiro de Geografia e Estatística, dados referentes ao município de São Paulo},
  howpublished = {\url{http://cod.ibge.gov.br/6QV}},
  note = {Accessed: 2017-02-20}
}

@misc{bibliotecaVirtual,
  title = {Biblioteca Virtual. São Paulo: população do estado},
  howpublished = {\url{http://www.bibliotecavirtual.sp.gov.br/temas/sao-paulo/sao-paulo-populacao-do-estado.php}},
  note = {Accessed: 2017-02-20}
}

@misc{g1,
  title = {G1 São Paulo. Grande SP atinge 83% de economia de água em junho, diz Sabesp},
  howpublished = {\url{http://glo.bo/1K5JsQh}},
  note = {Accessed: 2017-02-20}
}

@inproceedings{iso25010,
  title={ISO/IEC-IEEE. ISO/IEC IS 25010: Software engineering: Software product Quality Requirements and Evaluation (SQuaRE) — Quality model},
  author={ISO/IEC},
  year={2011},
  organization={ISO/IEC}
}
